@misc{nacoesunidasdesenvolvimento,
    title={Programa das Na\c{c}\~oes Unidas para o Desenvolvimento – PNUD. Estudo sobre o Potencial de Gera\c{c}\~ao de Energia a partir de Res\'iduos de Saneamento (lixo, esgoto), visando incrementar o uso de biog\'as como fonte alternativa de energia renov\'avel},
    howpublished={\url{http://www.mma.gov.br/estruturas/164/_publicacao/164_publicacao10012011033201.pdf}},
    note={15-10-2016}
}

@misc{lei12305,
    title     = {Brasil. Lei Nº 12.305, de 2 de agosto de 2010},
    howpublished={\url{http://www.planalto.gov.br/ccivil_03/_ato2007-2010/2010/lei/l12305.htm}},
    note   = {30-11-2016}
}

@misc{decretolei5940,
    title     = {Brasil. Decreto-lei Nº 5.940, de 25 de outubro de 2006},
    howpublished={\url{http://www.planalto.gov.br/ccivil_03/_Ato2004-2006/2006/Decreto/D5940.htm}},
    note={30-11-2016}
}

@article{abntnrb13523,
  author =       {Associa\c{c}\~ao Brasileira de Normas T\'ecnicas},
  title =        {ABNT NBR 13523. Central de g\'as liquefeito de petr\'oleo – GLP. Rio de Janeiro, RJ},
  year =         {2018},
  keywords =     {abnt,glp}
}

@article{viabilidadefinanceirabiogas,
  author =       {Capatan, D.C and Capatan, A and Rosset, N.R and Harzer, J.H},
  title =        {An\'alise da viabilidade financeira da produ\c{c}\~ao de biog\'as atrav\'es de dejetos de equinos},
  year =         {2012},
  keywords =     {viabilidade,biogas}
}

@article{reduceammoniaandodor,
  author =       {McCROY, D. F. and HOBBS, P. J},
  title =        {Additivies to reduce ammonia and odor emissions from livestock wastes: a review.Journal of Environmental Quality. Madison},
  volume =       {30},
  pages =        {345--355},
  year =         {2001},
  keywords =     {ammonia,emissions,livestock}
}

@article{treinamentobiodigestao,
  author =       {OLIVER, Andr\'e de Paula Moniz and NETO, Aur\'elio de Andrade Souza and QUADROS, Danilo Gusm\~ao and VALLADARES, Renata Everett},
  title =        {Manual de Treinamento em Biodigest\~ao. Instituto Winrock, Universidade do Estado da Bahia, Brasil},
  year =         {2008},
  keywords =     {treinamento,biodigestao}
}

@article{chemicharo2010alternativas,
  author =       {CHEMICHARO, Carlos Augusto de Lemos. STUETZ, Richard Michael. SOUZA,Cl\'audio Leite, MELO, Gilberto Caldeira Bandeira},
  title =        {{Alternativas para o controle de emiss\~oes odorantes em reatores anaer\'obios tratando esgoto dom\'estico}. ({UFMG})},
  year =         {2010},
  keywords =     {emissoes,reatores,anaerobios,esgoto}
}

@article{abntnrb15526,
  author =       {Associa\c{c}\~ao Brasileira de Normas T\'ecnicas},
  title =        {{BNT NBR 15526. Redes de distribui\c{c}\~ao interna para gases combust\'iveis em instala\c{c}\~oes residenciais e comerciais – Projeto e execu\c{c}\~ao}. ({Rio de Janeiro})},
  year =         {2009},
  keywords =     {distribuicao,gases,instalacoes}
}

@article{denagutti2002biodigestores,
  author =       {DENAGUTTI, Roberto; PALHACI, Maria do Carmo Jampaulo Pl\'acido},
  title =        {{Biodigestores rurais: modelo indiano, chin\^es e batelada}. ({UNESP. Bauru, SP}) },
  year =         {2002},
  keywords =     {biodigestores,rurais}
}

@article{oliver2008manual   ,
  author =       {OLIVER, Andr\'e de Paula Moniz},
  title =       {{Manual de treinamento em biodigest\~ao}. ({Winrock. Salvador, BA}) },
  year =         {2008},
  keywords =     {manual,biodigestao}
}

@article{colle1998atlas,
  title={Atlas de irradia{\c{c}}{\~a}o solar do Brasil},
  author={Colle, S{\'e}rgio and Pereira, Enio Bueno},
  journal={LABSOLAR/INMET, UFSC},
  year={1998}
}

@phdthesis{do2004principio,
  title={Princ{\'\i}pio de funcionamento da c{\'e}lula fotovoltaica},
  author={do Nascimento, C{\'a}ssio Ara{\'u}jo},
  year={2004},
  school={Universidade Federal de Lavras}
}

@article{braga2008energia,
  title={Energia solar fotovoltaica: Fundamentos e aplica{\c{c}}{\~o}es},
  author={Braga, Renata Pereira},
  journal={Universidade Federal do Rio de Janeiro. Escola Polit{\'e}cnica. Departamento de Engenharia El{\'e}trica},
  year={2008}
}

@misc{ecycleconheca,
  title={ECYCLE. Conhe\c{c}a todos os componentes do sistema solar fotovoltaico.},
  howpublished={\url{https://goo.gl/KKmRpE}},
  note={28-10-2016}
}

@misc{creseb2006energia,
  title={CRESESB. Energia Solar: Princ\'ipios e Aplica\c{c}~oes. Ilha do Fund\~ao, CEPEL, 2006.},
  howpublished={\url{http://www.cresesb.cepel.br/download/tutorial/tutorial_solar_2006.pdf}},
  note={03-11-2016}
}

@phdthesis{da2008projeto,
  title={Projeto de um sistema fotovoltaico para energiza{\c{c}}{\~a}o de um equipamento de pesca com eletricidade},
  author={da Silva Junior, Carlos Roberto Jos{\'e}},
  year={2008},
  school={UNIVERSIDADE FEDERAL DO RIO DE JANEIRO}
}

@misc{neosolar,
  title={Neosolar, Painel solar fotovoltaico.},
  howpublished={\url{http://www.neosolar.com.br/aprenda/saiba-mais/painel-solar-fotovoltaico}},
  note={31-10-2016}
}

@misc{ecoplanetenergy,
  title={ECOPLANETENERGY. Energia H\'ibrida.},
  howpublished={\url{https://goo.gl/tik9hb&gt}},
  note={28-10-2016}
}

@misc{solarbrasil,
  title={SOLAR BRASIL. O que s\~ao sistemas conectados \`a rede (On-Grid)?},
  howpublished={\url{https://goo.gl/TrncMp&gt}},
  note={28-10-2016}
}

@misc{neosolarisolado,
  title={Neosolar, Sistemas Isolados - Off-Grid.},
  howpublished={\url{https://goo.gl/9AbAi6}},
  note={28-10-2016}
}

@misc{neosolaronda,
  title={Neosolar, Inversores ou Conversores.},
  howpublished={\url{https://goo.gl/ba5lqV}},
  note={28-10-2016}
}

@article{staiss2001biomassa,
  title={Biomassa, energia renov{\'a}vel na agricultura e no sector florestal},
  author={Staiss, Christian and Pereira, Helena},
  journal={Revista Agros, Instituto Superior de Agronomia, Portugal},
  volume={13},
  number={1},
  pages={21--28},
  year={2001}
}

@article{texier1979influence,
  title={Influence des variations des principaux facteurs de l'ambiance an porcherie d'engraissment},
  author={Texier, C and La Farge, B de and Granier, R},
  journal={Journ{\'e}es de la Recherche Porcine en France, Paris},
  number={11},
  pages={153--164},
  year={1979}
}

@article{de2010alternativas,
  title={Alternativas para o controle de emiss{\~o}es odorantes em reatores anaer{\'o}bios tratando esgoto dom{\'e}stico},
  author={de Lemos Chernicharo, Carlos Augusto and Stuetz, Richard Michael and Souza, Cl{\'a}udio Leite and de Melo, Gilberto Caldeira Bandeira},
  journal={Eng Sanit Ambient},
  volume={15},
  number={3},
  pages={229--236},
  year={2010},
  publisher={SciELO Brasil}
}

@misc{svoboda2008introduccao,
  title={Introdu{\c{c}}{\~a}o aos Circuitos El{\'e}tricos},
  author={Svoboda, James A and Dorf, Richard C},
  year={2008},
  publisher={LTC Editora, Rio de Janeiro}
}

@misc{josesmartgrid,
  title={Smart Grids - Uma vis\~ao geral com enfoque em condicionamento e qualidade de energia el\'etrica.},
  author={Tomasin, Samuel G. and Braga, Mateus D. and Gonçalves, Vinícius and Others},
  year={2014},
  howpublished={\url{https://goo.gl/BdE9yC}}
}

@article{galloway2013introduction,
  title={Introduction to industrial control networks},
  author={Galloway, Brendan and Hancke, Gerhard P},
  journal={IEEE Communications surveys \& tutorials},
  volume={15},
  number={2},
  pages={860--880},
  year={2013},
  publisher={IEEE}
}

@phdthesis{kup2015estudo,
  title={Estudo da medi{\c{c}}{\~a}o inteligente para consumidores residenciais no Brasil},
  author={Kup, Mariana Torres},
  year={2015},
  school={Universidade Federal do Rio de Janeiro}
}

@misc{rocha2015importancia,
  title={Import\^ancia dos Bancos de Dados nas aplica\c{c}\~oes},
  author={Rocha, Julio Fernandes and Dias, Jaime William},
  year={2015},
  howpublished={\url{http://web.unipar.br/~seinpar/2015/_include/artigos/Julio_Fernandes_Rocha.pdf}}
}

@article{thomazini2005sensores,
  title={Sensores industriais: fundamentos e aplica{\c{c}}{\~o}es},
  author={Thomazini, Daniel and Albuquerque, Pedro Urbano Braga de},
  journal={S{\~a}o Paulo},
  volume={3},
  pages={32},
  year={2005}
}

@misc{jose2002sistema,
  title={Sistema de Transmiss\~ao e Meios \'Opticos},
  author={Pinheiro, Jos\'e Maur\'icio S.},
  year={2002},
  howpublished={\url{http://www.eeec.ufg.br/~lguedes/moodle/txdados/fo.pdf}}
}
